<?xml version="1.0" encoding="UTF-8"?><collection xmlns="http://www.loc.gov/MARC21/slim"><record><leader>00539nam--2200133-i-4500</leader><controlfield tag="001">000008976</controlfield><controlfield tag="002">20161230</controlfield><controlfield tag="005">20161230201028</controlfield><controlfield tag="008">060222s1000------------r-----000-0-eng-d</controlfield><datafield ind1=" " ind2=" " tag="100"><subfield code="a">Carabulea, Anatol</subfield></datafield><datafield ind1=" " ind2=" " tag="245"><subfield code="a">Modele matematice si scheme logice pentru stab ilirea tipului optim de retea electrica nesime trica prin constructie</subfield></datafield><datafield ind1=" " ind2=" " tag="260"><subfield code="a">Bucuresti, Consiliul National Al Inginerilor S I Tehnicienilor, 1969</subfield></datafield><datafield ind1=" " ind2=" " tag="490"><subfield code="a">A Doua Conferinta A Elecricienilor. Iii. Secti A Sisteme, Centrale Si Utilizarea Energiei Ele Ctri</subfield></datafield><datafield ind1=" " ind2=" " tag="852"><subfield code="a">620.91</subfield></datafield></record></collection>